@article{ada19,
	author = {Adam, T. and Griffiths, C.A. and Leos-Barajas, V. and Meese, E.N. and Lowe, C.G. and Blackwell, P.G. and Righton, D. and Langrock, R.},
	title = {Joint Modelling of Multi-Scale Animal Movement Data Using Hierarchical Hidden Markov Models},
	journal = {Methods in Ecology and Evolution},
	volume = {10},
	number = {9},
	pages = {1536--1550},
	year = {2019}
}

@Manual{ada19b,
  title = {\pkg{countHMM}: Penalized Estimation of Flexible Hidden Markov Models for Time Series of Counts},
  author = {Adam, T.},
  note ={\proglang{R} package, version 0.1.0},
  year = {2019},
  url = {https://CRAN.R-project.org/package=countHMM},
}

@article{ada19c,
	author = {Adam, T. and Langrock, R. and Kneib, T.},
	title = {Model-Based Clustering of Time Series Data: A Flexible Approach Using Nonparametric State-Switching Quantile Regression Models},
	journal = {Book of Short Papers of the 12th Scientific Meeting on Classification and Data Analysis},
	pages = {8--11},
	year = {2019}
}

@article{ada20,
	author = {Adam, T. and Oelschl\"ager, L.},
	title = {Hidden Markov Models For Multi-Scale Time Series: An Application to Stock Market Data},
	journal = {Proceedings of the 35th International Workshop on Statistical Modelling},
	volume = {1},
	pages = {2--7},
	year = {2020}
}

@article{ada22,
  title={Gradient Boosting in Markov-Switching Generalized Additive Models for Location, Scale, and Shape},
  author={Adam, T. and Mayr, A. and Kneib, T.},
  journal={Econometrics and Statistics},
  volume = {22},
	pages = {3--16},
  year={2022},
}

@article{aka74,
	author        = {Akaike, H.},
	publisher     = {IEEE Transactions on Automatic Control},
	volume        = {19},
	title         = {A New Look at the Statistical Model Identification},
	year          = {1974}
}

@article{ale16,
    author = {Alexandrovich, G. and Holzmann, H. and Leister, A.},
    title = "{Nonparametric Identification and Maximum Likelihood Estimation for Hidden Markov Models}",
    journal = {Biometrika},
    volume = {103},
    number = {2},
    pages = {423--434},
    year = {2016},
    doi = {10.1093/biomet/asw001}
}

@article{ang02,
	author = {Bekaert, G. and Ang, A.},
	year = {2002},
	pages = {1137-1187},
	title = {International Asset Allocation with Regime Shifts},
	volume = {15},
	journal = {Review of Financial Studies},
	doi = {10.1093/rfs/15.4.1137}
}

@article{ang12,
	author = {Ang, A. and Timmermann, A.},
	title = {Regime Changes and Financial Markets},
	journal = {Annual Review of Financial Economics},
	volume = {4},
	number = {1},
	pages = {313--337},
	year = {2012},
	doi = {10.1146/annurev-financial-110311-101808}
}

@article{bar17,
  title={\pkg{LMest}: An \proglang{R} Package for Latent Markov Models for Longitudinal Categorical Data},
  author={Bartolucci, F. and Pandolfi, S. and Pennoni, F.},
  journal={Journal of Statistical Software},
  volume={81},
  pages={1--38},
  year={2017}
}

@article{bul06,
	title = {Stylized Facts of Financial Time Series and Hidden Semi-Markov Models},
	journal = {Computational Statistics and Data Analysis},
	volume = {51},
	number = {4},
	pages = {2192--2209},
	year = {2006},
	doi = {10.1016/j.csda.2006.07.021},
	author = {Bulla, J. and Bulla, I.},
}

@article{bul10,
  title={\pkg{hsmm} -- An \proglang{R} Package for Analyzing Hidden Semi-Markov Models},
  author={Bulla, J. and Bulla, I. and Nenadi{\'c}, O.},
  journal={Computational Statistics and Data Analysis},
  volume={54},
  number={3},
  pages={611--619},
  year={2010},
  publisher={Elsevier}
}

@article{bul11,
	author = {Bulla, J. and Mergner, S. and Bulla, I. and Sesbo\"ue, A. and Chesneau, C.},
	year = {2011},
	month = {07},
	pages = {310--321},
	title = {Markov-Switching Asset Allocation: Do Profitable Strategies Exist?},
	volume = {12},
	journal = {Journal of Asset Management},
	doi = {10.1057/jam.2010.27}
}

@article{coh13,
	title = {Legislating Stock Prices},
	journal = {Journal of Financial Economics},
	volume = {110},
	number = {3},	
	pages = {574--595},
	year = {2013},
	issn = {0304-405X},
	author = {Cohen, L. and Diether, K. and Malloy, C.},
}

@article{dea17,
	author = {De Angelis, L. and Viroli, C.},
	doi = {doi:10.1515/snde-2015-0118},
	title = {A Markov-Switching Regression Model with Non-Gaussian Innovations: Estimation and Testing},
	journal = {Studies in Nonlinear Dynamics and Econometrics},
	number = {2},
	volume = {21},
	year = {2017}
}

@article{dia09,
	author = {Dias, J. and Vermunt, J. and Ramos, S.},
	title={Mixture Hidden Markov Models in Finance Research},
  booktitle={Advances in Data Analysis, Data Handling and Business Intelligence},
  pages={451--459},
  year={2009},
  publisher={Springer-Verlag}
}

@article{fin98,
    author = {Fine, S. and Singer, Y.},
    title = {The Hierarchical Hidden Markov Model: Analysis and Applications},
    journal = {Machine Learning},
    year = {1998},
    pages = {41--62}
}

@article{for73,
  title={The Viterbi Algorithm},
  author={Forney, G.D.},
  journal={Proceedings of the IEEE},
  volume={61},
  number={3},
  pages={268--278},
  year={1973},
  publisher={IEEE}
}

@article{gre00,
  title={Measuring the Probability of a Business Cycle Turning Point by Using a Multivariate Qualitative Hidden Markov Model},
  author={Gregoir, S. and Lenglart, F.},
  journal={Journal of Forecasting},
  volume={19},
  number={2},
  pages={81--102},
  year={2000},
  publisher={Wiley Online Library}
}

@article{gue13,
 	author = {Gu√©rin, P. and Marcellino, M.},
 	journal = {Journal of Business and Economic Statistics},
 	number = {1},
 	pages = {45--56},
 	publisher = {American Statistical Association},
 	title = {Markov-Switching MIDAS Models},
 	volume = {31},
 	year = {2013}
}

@article{has05,
	author = {Hassan, M.R. and Nath, B.},
	year = {2005},
	month = {10},
	pages = {192--196},
	title = {Stock Market Forecasting Using Hidden Markov Model: A New Approach},
	volume = {2005},
	journal = {5th International Conference on Intelligent Systems Design and Applications},
	doi = {10.1109/ISDA.2005.85}
}

@article{hum09,
	author = {Humpe, A. and Macmillan, P.},
	title = {Can Macroeconomic Variables Explain Long-Term Stock Market Movements? A Comparison of the US and Japan},
	journal = {Applied Financial Economics},
	volume = {19},
	number = {2},
	pages = {111--119},
	year  = {2009},
	doi = {10.1080/09603100701748956}
}

@article{jac11,
	author = {Jackson, C.},
	title = {Multi-State Models for Panel Data: The \pkg{msm} Package for \proglang{R}},
	journal = {Journal of Statistical Software},
	volume = {38},
	number = {8},
	pages = {1--28},
	year  = {2011},
	doi = {10.18637/jss.v038.i08}
}

@article{jan92,
	author = {Janssen, B. and Rudolph, B.},
	title = {Der Deutsche Aktienindex DAX},
	journal = {Knapp Verlag},
	year  = {1992}
}

@article{jar87,
  title = {A Test For Normality of Observations and Regression Residuals},
  author = {Jarque, C.M. and Bera, A.K.},
  year = {1987},
  volume = {55},
  pages = {163--172},
  journal = {International Statistical Review}
}

@article{kim98,
  title={Business Cycle Turning Points, a New Coincident Index, and Tests of Duration Dependence Based on a Dynamic Factor Model with Regime Switching},
  author={Kim, C.-J. and Nelson, C.R.},
  journal={Review of Economics and Statistics},
  volume={80},
  number={2},
  pages={188--201},
  year={1998},
}

@article{lan18,
  title={Spline-Based Nonparametric Inference in General State-Switching Models},
  author={Langrock, R. and Adam, T. and Leos-Barajas, V. and Mews, S. and Miller, D.L. and Papastamatiou, Y.P.},
  journal={Statistica Neerlandica},
  volume={72},
  number={3},
  pages={179--200},
  year={2018},
  publisher={Wiley Online Library}
}

@article{leb92,
 	author = {LeBaron, B.},
	journal = {The Journal of Business},
 	number = {2},
 	pages = {199--219},
 	publisher = {University of Chicago Press},
	title = {Some Relations between Volatility and Serial Correlations in Stock Market Returns},
 	volume = {65},
 	year = {1992}
}

@Manual{leb22,
  title = {\pkg{hmmlearn}: Hidden Markov Models in \proglang{Python}, with \pkg{scikit-learn} Like API},
  author = {Lebedex, S.},
  year = {2022},
  note = {\proglang{Python} library, version 0.2.7},
  url = {https://hmmlearn.readthedocs.io/},
}

@article{leo17,
 	author = {Leos-Barajas, V., and Gangloff, E.J. and Adam, T. and Langrock, R. and van Beest, F.M. and Nabe-Nielsen, J. and Morales, J.M.},
	journal = {Journal of Agricultural, Biological and Environmental Statistics},
 	number = {3},
 	pages = {232--248},
	title = {Multi-Scale Modeling of Animal Movement and General Behavior Data Using Hidden Markov Models with Hierarchical Structures},
 	volume = {22},
 	year = {2017}
}

@article{leo19,
 	author = {Leos-Barajas, V.},
	journal = {Dissertation},
	title = {Incorporating Multi-Scale Structures and Physiological Processes into the Modeling of Animal Movement},
 	year = {2019}
}

@article{lih17,
 	author = {Lihn, S.H.},
	journal = {Quantitative Finance (forthcoming)},
	title = {Hidden Markov Model for Financial Time Series and its Application to S\&P 500 Index},
 	year = {2017}
}

@article{mar19,
    author = {Maruotti, A. and Punzo, A. and Bagnato, L.},
    title = {Hidden Markov and Semi-Markov Models with Multivariate Leptokurtic-Normal Components for Robust Modeling of Daily Returns Series},
    journal = {Journal of Financial Econometrics},
    volume = {17},
    number = {1},
    pages = {91--117},
    year = {2018},
    doi = {10.1093/jjfinec/nby019}
}

@article{mcc18,
  title={\pkg{momentuHMM}: \proglang{R} Package for Generalized Hidden Markov Models of Animal Movement},
  author={McClintock, B.T. and Michelot, T.},
  journal={Methods in Ecology and Evolution},
  volume={9},
  number={6},
  pages={1518--1530},
  year={2018},
  publisher={Wiley Online Library}
}

@article{mic16,
  title={\pkg{moveHMM}: An \proglang{R} Package for the Statistical Modelling of Animal Movement Data Using Hidden Markov Models},
  author={Michelot, T. and Langrock, R. and Patterson, T.A.},
  journal={Methods in Ecology and Evolution},
  volume={7},
  number={11},
  pages={1308--1315},
  year={2016},
  publisher={Wiley Online Library}
}

@article{ngu18,
    author = {Nguyen, N.},
    title = {Hidden Markov Model for Stock Trading},
    journal = {International Journal of Financial Studies},
    volume = {6},
    number = {2},
    year = {2018}
}

@article{nor97,
	author       = {Norris, J.R.},
	title        = {Markov Chains}, 
	journal    = {Cambridge University Press}, 
	year         = {1997}
}

@article{nys15a,
	author = {Nystrup, P. and Madsen, H. and Lindstr{\"o}m, E.},
	title = {Stylised Facts of Financial Time Series and Hidden Markov Models in Continuous Time},
	journal = {Quantitative Finance},
	volume = {15},
	number = {9},
	pages = {1531--1541},
	year  = {2015},
	doi = {10.1080/14697688.2015.1004801}
}

@article {nys15b,
	author = {Nystrup, P. and Hansen, B.W. and Madsen, H. and Lindstr{\"o}m, E.},
	title = {Regime-Based Versus Static Asset Allocation: Letting the Data Speak },
	volume = {42},
	number = {1},
	pages = {103--109},
	year = {2015},
	doi = {10.3905/jpm.2015.42.1.103},
	journal = {The Journal of Portfolio Management}
}

@article{nys17,
	author = {Nystrup, P. and Madsen, H. and Lindstr{\"o}m, E.},
	title = {Long memory of Financial Time Series and Hidden Markov Models with Time-Varying Parameters},
	journal = {Journal of Forecasting},
	volume = {36},
	number = {8},
	pages = {989--1002},	
	year = {2017}
}

@article{nys18,
	author = {Nystrup, P. and Madsen, H. and Lindstr{\"o}m, E.},
	title = {Dynamic Portfolio Optimization across Hidden Market Regimes},
	journal = {Quantitative Finance},
	volume = {18},
	number = {1},
	pages = {83--95},
	year  = {2018},
	doi = {10.1080/14697688.2017.1342857},
}

@article{nys20,
	title = {Learning Hidden Markov Models with Persistent States by Penalizing Jumps},
	author = {Nystrup, P. and Lindstr{\"o}m, E. and Madsen, H.},
	year = {2020},
	doi = {10.1016/j.eswa.2020.113307},
	volume = {150},
	journal = {Expert Systems with Applications}
}

@article{oco11,
  title={Hidden Semi Markov Models for Multiple Observation Sequences: The \pkg{mhsmm} Package for \proglang{R}},
  author={O'Connell, Jared and H{\o}jsgaard, S{\o}ren},
  journal={Journal of Statistical Software},
  volume={39},
  pages={1--22},
  year={2011}
}

@article{oel19,
  title={Detection of Bearish and Bullish Markets in the DAX Using Hierarchical Hidden Markov Models},
  author={Oelschl{\"a}ger, Lennart},
  year={2019},
  journal={Master's Thesis, Bielefeld University}
}

@article{oel21,
  author = {Oelschl\"ager, L. and Adam, T.},
  title ={Detecting Bearish and Bullish Markets in Financial Time Series Using Hierarchical Hidden Markov Models},
  journal = {Statistical Modelling},
  year = {2021},
  doi = {10.1177/1471082X211034048}
}

@Manual{oel22,
  title = {\pkg{fHMM}: Fitting Hidden Markov Models to financial data},
  author = {Oelschl\"ager, L. and Adam, T. and Michels, R.},
  year = {2022},
  note = {\proglang{R} package, version 1.0.2},
  url = {https://CRAN.R-project.org/package=fHMM},
}

@Manual{tur14,
  title = {\pkg{hmm.discnp}: Hidden Markov Models with Discrete Non-Parametric
Observation Distributions},
  author = {Turner, R. and Liu, L.},
  year = {2014},
  note = {\proglang{R} package, version 0.2--3},
  url = {http://CRAN.R-project.org/package=hmm.discnp},
}

@Manual{him10,
  title = {\pkg{HMM} -- Hidden Markov Models},
  author = {Himmelmann, L.},
  year = {2010},
  note = {\proglang{R} package, version 1.0},
  url = {http://CRAN.R-project.org/package=HMM}
}

@article{pla08,
	author = {Platen, E. and Rendek, R.},
	year = {2008},
	title = {Empirical Evidence on Student-t Log-Returns of Diversified World Stock Indices},
	volume = {2},
	journal = {Journal of Statistical Theory and Practice},
	doi = {10.1080/15598608.2008.10411873}
}

@article{poh17,
  title={Selecting the Number of States in Hidden Markov Models: Pragmatic Solutions Illustrated Using Animal Movement},
  author={Pohle, J. and Langrock, R. and van Beest, F.M. and Schmidt, N.M.},
  journal={Journal of Agricultural, Biological and Environmental Statistics},
  volume={22},
  number={3},
  pages={270--293},
  year={2017},
  publisher={Springer-Verlag}
}

@Manual{r21,
    title = {\proglang{R}: A Language and Environment for Statistical Computing},
    author = {{R Core Team}},
    organization = {R Foundation for Statistical Computing},
    address = {Vienna, Austria},
    year = {2021},
    url = {https://www.R-project.org/},
  }

@article{ryd98,
 	author = {Ryd√©n, T. and Ter√§svirta, T. and √Ösbrink, S.},
 	journal = {Journal of Applied Econometrics},
 	number = {3},
 	pages = {217--244},
 	publisher = {Wiley Online Library},
 	title = {Stylized Facts of Daily Return Series and the Hidden Markov Model},
 	volume = {13},
 	year = {1998}
}

@article{sch97,
	author = {Schaller, H. and van Norden, S.},
	title = {Regime Switching in Stock Market Returns},
	journal = {Applied Financial Economics},
	volume = {7},
	number = {2},
	pages = {177--191},
	year  = {1997},
	doi = {10.1080/096031097333745}
}

@article{sch78,
	author = {Schwarz, G.},
	journal = {The Annals of Statistics},
	volume = {6},
	title = {Estimating the Dimension of a Model},
	year = {1978}
}

@article{vis10,
  title={\pkg{depmixS4}: An \proglang{R} Package for Hidden Markov Models},
  author={Visser, I. and Speekenbrink, M.},
  journal={Journal of Statistical Software},
  volume={36},
  pages={1--21},
  year={2010}
}

@article{zuc16,
	author = {Zucchini, W. and MacDonald, I.L. and Langrock, R.},
	title = {Hidden Markov Models for Time series: An Introduction Using \proglang{R}, 2nd Edition},
	journal = {Chapman and Hall/CRC},
	year  = {2016}
}
