@ARTICLE{test:21,
	title        = {Test article},
	author       = {John Doe},
	edition      = {1. ed.},
	publisher    = {Cambridge Univ. Press},
	year         = {2021}
}
