@article{ada19,
	author = {Adam, Timo and Griffiths, Christopher A. and Leos-Barajas, Vianey and Meese, Emily N. and Lowe, Christopher G. and Blackwell, Paul G. and Righton, David and Langrock, Roland},
	title = {Joint modelling of multi-scale animal movement data using hierarchical hidden Markov models},
	journal = {Methods in Ecology and Evolution},
	volume = {10},
	number = {9},
	pages = {1536-1550},
	keywords = {animal movement modelling, biologging, state-space models, statistical ecology, temporal resolution, time series modelling},
	doi = {10.1111/2041-210X.13241},
	year = {2019}
}

@article{ale16,
    author = {Alexandrovich, G. and Holzmann, H. and Leister, A.},
    title = "{Nonparametric identification and maximum likelihood estimation for hidden Markov models}",
    journal = {Biometrika},
    volume = {103},
    number = {2},
    pages = {423-434},
    year = {2016},
    month = {03},
    issn = {0006-3444},
    doi = {10.1093/biomet/asw001}
}

@article{ang02,
	author = {Bekaert, Geert and Ang, Andrew},
	year = {2002},
	month = {02},
	pages = {1137-1187},
	title = {International Asset Allocation With Regime Shifts},
	volume = {15},
	journal = {Review of Financial Studies},
	doi = {10.1093/rfs/15.4.1137}
}

@article{ang12,
	author = {Ang, Andrew and Timmermann, Allan},
	title = {Regime Changes and Financial Markets},
	journal = {Annual Review of Financial Economics},
	volume = {4},
	number = {1},
	pages = {313-337},
	year = {2012},
	doi = {10.1146/annurev-financial-110311-101808}
}

@article{bul06,
	title = {Stylized facts of financial time series and hidden semi-Markov models},
	journal = {Computational Statistics & Data Analysis},
	volume = {51},
	number = {4},
	pages = {2192-2209},
	year = {2006},
	issn = {0167-9473},
	doi = {10.1016/j.csda.2006.07.021},
	author = {Jan Bulla and Ingo Bulla},
	keywords = {Daily return series, Hidden Markov model, Hidden semi-Markov model, Sojourn time distribution, EM algorithm, Right-censoring}
}

@article{bul11,
	author = {Bulla, Jan and Mergner, Sascha and Bulla, Ingo and Sesboüé, André and Chesneau, Christophe},
	year = {2011},
	month = {07},
	pages = {310-321},
	title = {Markov-switching asset allocation: Do profitable strategies exist?},
	volume = {12},
	journal = {Journal of Asset Management},
	doi = {10.1057/jam.2010.27}
}

@article{coh13,
	title = {Legislating stock prices},
	journal = {Journal of Financial Economics},
	volume = {110},
	number = {3},	
	pages = {574-595},
	year = {2013},
	issn = {0304-405X},
	doi = {doi.org/10.1016/j.jfineco.2013.08.012},
	author = {Lauren Cohen and Karl Diether and Christopher Malloy},
	keywords = {Legislator incentives, Voting, Return predictability, Lobbying}
}

@article{dea17,
	author = {Luca De Angelis and Cinzia Viroli},
	doi = {doi:10.1515/snde-2015-0118},
	title = {A Markov-switching regression model with non-Gaussian innovations: estimation and testing},
	journal = {Studies in Nonlinear Dynamics & Econometrics},
	number = {2},
	volume = {21},
	year = {2017}
}

@article{dia09,
	author = {Dias, José and Vermunt, Jeroen and Ramos, Sofia},
	year = {2010},
	month = {01},
	pages = {451-459},
	title = {Mixture Hidden Markov Models in Finance Research},
	isbn = {978-3-642-01043-9},
	journal = {Psycho-oncology - PSYCHO-ONCOL},
	doi = {10.1007/978-3-642-01044-6_41}
}

@article{fin98,
    author = {Shai Fine and Yoram Singer},
    title = {The Hierarchical Hidden Markov Model: Analysis and Applications},
    journal = {Maschine Learning},
    year = {1998},
    pages = {41--62}
}

@article{gue13,
 	author = {Pierre Guérin and Massimiliano Marcellino},
 	journal = {Journal of Business & Economic Statistics},
 	number = {1},
 	pages = {45--56},
 	publisher = {American Statistical Association},
 	title = {Markov-Switching MIDAS Models},
 	volume = {31},
 	year = {2013}
}

@article{has05,
	author = {Hassan, Md and Nath, Baikunth},
	year = {2005},
	month = {10},
	pages = {192 - 196},
	title = {Stock Market Forecasting Using Hidden Markov Model: A New Approach.},
	volume = {2005},
	isbn = {0-7695-2286-6},
	journal = {5th International Conference on Intelligent Systems Design and Applications},
	doi = {10.1109/ISDA.2005.85}
}

@article{hum09,
	author = {Andreas Humpe and Peter Macmillan},
	title = {Can macroeconomic variables explain long-term stock market movements? A comparison of the US and Japan},
	journal = {Applied Financial Economics},
	volume = {19},
	number = {2},
	pages = {111-119},
	year  = {2009},
	doi = {10.1080/09603100701748956}
}

@article{jan92,
	author = {Janßen, B. and Rudolph, B.},
	title = {Der Deutsche Aktienindex DAX},
	journal = {Knapp Verlag},
	year  = {1992}
}

@article{leb92,
 	author = {Blake LeBaron},
	journal = {The Journal of Business},
 	number = {2},
 	pages = {199--219},
 	publisher = {University of Chicago Press},
	title = {Some Relations Between Volatility and Serial Correlations in Stock Market Returns},
 	volume = {65},
 	year = {1992}
}

@article{leo17,
 	author = {Leos-Barajas, V., Gangloff, E.J., Adam, T., Langrock, R., van Beest, F.M., Nabe-Nielsen, J., and Morales, J.M.},
	journal = {Journal of Agricultural, Biological and Environmental Statistics},
 	number = {3},
 	pages = {232--248},
	title = {Multi-scale modeling of animal movement and general behavior data using hidden Markov models with hierarchical structures},
 	volume = {22},
 	year = {2017}
}

@article{leo19,
 	author = {Leos-Barajas, V.},
	journal = {Dissertation},
	title = {Incorporating multi-scale structures and physiological processes into the modeling of animal movement},
 	year = {2019}
}

@article{lih17,
 	author = {Lihn, S.H.},
	journal = {Quantitative Finance (forthcoming)},
	title = {Hidden Markov model for financial time series and its application to S\&P 500 index},
 	year = {2017}
}

@article{mar19,
    author = {Maruotti, Antonello and Punzo, Antonio and Bagnato, Luca},
    title = {Hidden Markov and Semi-Markov Models with Multivariate Leptokurtic-Normal Components for Robust Modeling of Daily Returns Series},
    journal = {Journal of Financial Econometrics},
    volume = {17},
    number = {1},
    pages = {91-117},
    year = {2018},
    month = {09},
    issn = {1479-8409},
    doi = {10.1093/jjfinec/nby019}
}

@article{ngu18,
    author = {Nguyen, N.},
    title = {Hidden Markov model for stock trading},
    journal = {International Journal of Financial Studies},
    volume = {6},
    number = {2},
    year = {2018}
}

@article{nys15a,
	author = {Peter Nystrup and Henrik Madsen and Erik Lindström},
	title = {Stylised facts of financial time series and hidden Markov models in continuous time},
	journal = {Quantitative Finance},
	volume = {15},
	number = {9},
	pages = {1531-1541},
	year  = {2015},
	doi = {10.1080/14697688.2015.1004801}
}

@article {nys15b,
	author = {Nystrup, Peter and Hansen, Bo William and Madsen, Henrik and Lindstr{\"o}m, Erik},
	title = {Regime-Based Versus Static Asset Allocation: Letting the Data Speak },
	volume = {42},
	number = {1},
	pages = {103--109},
	year = {2015},
	doi = {10.3905/jpm.2015.42.1.103},
	journal = {The Journal of Portfolio Management}
}

@article{nys17,
	author = {Nystrup, Peter and Madsen, Henrik and Lindström, Erik},
	title = {Long Memory of Financial Time Series and Hidden Markov Models with Time-Varying Parameters},
	journal = {Journal of Forecasting},
	volume = {36},
	number = {8},
	pages = {989-1002},	
	keywords = {hidden Markov models, daily returns, long memory, adaptive estimation, time-varying parameters},
	doi = {10.1002/for.2447},
	year = {2017}
}

@article{nys18,
	author = {Peter Nystrup and Henrik Madsen and Erik Lindström},
	title = {Dynamic portfolio optimization across hidden market regimes},
	journal = {Quantitative Finance},
	volume = {18},
	number = {1},
	pages = {83-95},
	year  = {2018},
	doi = {10.1080/14697688.2017.1342857},
}

@article{nys20,
	title = {Learning hidden Markov models with persistent states by penalizing jumps},
	keywords = {Clustering, Dynamic programming, Regime switching, Regularization, Time series analysis, Unsupervised learning},
	author = {Peter Nystrup and Erik Lindstr{\"o}m and Henrik Madsen},
	year = {2020},
	doi = {10.1016/j.eswa.2020.113307},
	volume = {150},
	journal = {Expert Systems with Applications}
}

@article{oel21,
  author = {Lennart Oelschläger and Timo Adam},
  title ={Detecting bearish and bullish markets in financial time series using hierarchical hidden Markov models},
  journal = {Statistical Modelling},
  year = {2021},
  doi = {10.1177/1471082X211034048}
}

@article{pla08,
	author = {Platen, Eckhard and Rendek, Renata},
	year = {2008},
	title = {Empirical Evidence on Student-t Log-Returns of Diversified World Stock Indices},
	volume = {2},
	journal = {Journal of Statistical Theory and Practice},
	doi = {10.1080/15598608.2008.10411873}
}

@article{poh17,
  title={Selecting the number of states in hidden Markov models: pragmatic solutions illustrated using animal movement},
  author={Pohle, Jennifer and Langrock, Roland and van Beest, Floris M and Schmidt, Niels Martin},
  journal={Journal of Agricultural, Biological and Environmental Statistics},
  volume={22},
  number={3},
  pages={270--293},
  year={2017},
  publisher={Springer}
}

@article{ryd98,
 	author = {Tobias Rydén and Timo Teräsvirta and Stefan Åsbrink},
 	journal = {Journal of Applied Econometrics},
 	number = {3},
 	pages = {217--244},
 	publisher = {Wiley},
 	title = {Stylized Facts of Daily Return Series and the Hidden Markov Model},
 	volume = {13},
 	year = {1998}
}

@article{sch97,
	author = {Huntley Schaller and Simon Van Norden},
	title = {Regime switching in stock market returns},
	journal = {Applied Financial Economics},
	volume = {7},
	number = {2},
	pages = {177-191},
	year  = {1997},
	doi = {10.1080/096031097333745}
}

@article{zuc16,
	author = {Zucchini, W., MacDonald, I.L., and Langrock, R.},
	title = {Hidden Markov models for time series: an introduction using {R}, 2nd Edition},
	journal = {Chapman and Hall/CRC},
	year  = {2016}
}


















